<?xml version="1.0" encoding="UTF-8"?>
<collection
  xmlns:xsi="http://www.w3.org/2001/XMLSchema-instance"
  xsi:schemaLocation="http://www.loc.gov/MARC21/slim http://www.loc.gov/standards/marcxml/schema/MARC21slim.xsd"
  xmlns="http://www.loc.gov/MARC21/slim">

<record>
  <leader>10278ckdaa2201033 a 4500</leader>
  <controlfield tag="001">3462465</controlfield>
  <controlfield tag="005">20100226103454.0</controlfield>
  <controlfield tag="008">890619s1915    xx ||| |||||||   1k|eng d</controlfield>
  <datafield tag="035" ind1=" " ind2=" ">
    <subfield code="a">(OCoLC)79844491</subfield>
  </datafield>
  <datafield tag="035" ind1=" " ind2=" ">
    <subfield code="a">(OCoLC)ocm79844491</subfield>
  </datafield>
  <datafield tag="035" ind1=" " ind2=" ">
    <subfield code="a">(CStRLIN)NYDA89-F713</subfield>
  </datafield>
  <datafield tag="035" ind1=" " ind2=" ">
    <subfield code="9">AAA2936AD</subfield>
  </datafield>
  <datafield tag="035" ind1=" " ind2=" ">
    <subfield code="a">(NNC)3462465</subfield>
  </datafield>
  <datafield tag="040" ind1=" " ind2=" ">
    <subfield code="a">NNC</subfield>
    <subfield code="c">NNC</subfield>
    <subfield code="e">gihc</subfield>
  </datafield>
  <datafield tag="043" ind1=" " ind2=" ">
    <subfield code="a">n-us-ca</subfield>
  </datafield>
  <datafield tag="110" ind1="2" ind2=" ">
    <subfield code="a">Greene &amp; Greene.</subfield>
  </datafield>
  <datafield tag="240" ind1="1" ind2="0">
    <subfield code="a">William E. Hamlin house (Pasadena, Calif.).</subfield>
    <subfield code="p">Design no. 2</subfield>
  </datafield>
  <datafield tag="245" ind1="1" ind2="0">
    <subfield code="a">Residence for W.E. Hamlin, Esq., Pasadena. Cal.</subfield>
    <subfield code="h">[graphic] /</subfield>
    <subfield code="c">Greene and Greene, Arch'ts.</subfield>
  </datafield>
  <datafield tag="260" ind1=" " ind2=" ">
    <subfield code="c">[1915]</subfield>
  </datafield>
  <datafield tag="300" ind1=" " ind2=" ">
    <subfield code="a">41 sheets :</subfield>
    <subfield code="b">various media ;</subfield>
    <subfield code="c">95.2 x 90.5 cm. (37 1/2 x 35 5/8 in.) or smaller.</subfield>
  </datafield>
  <datafield tag="500" ind1=" " ind2=" ">
    <subfield code="a">Scale varies.</subfield>
  </datafield>
  <datafield tag="500" ind1=" " ind2=" ">
    <subfield code="a">Bracketed title elements supplied by cataloger or taken from inventory.</subfield>
  </datafield>
  <datafield tag="500" ind1=" " ind2=" ">
    <subfield code="a">Forms part of the Greene &amp; Greene collection of architectural drawings ; job. no. 338.</subfield>
  </datafield>
  <datafield tag="500" ind1=" " ind2=" ">
    <subfield code="a">Many of the blueprints in this set have sustained water damage.</subfield>
  </datafield>
  <datafield tag="500" ind1=" " ind2=" ">
    <subfield code="a">Date from inventory.</subfield>
  </datafield>
  <datafield tag="500" ind1=" " ind2=" ">
    <subfield code="a">This set consists of 12 pencil drawings on tracing paper, 12 blueprints on paper, 11 ink drawings on cloth, 2 pencil and ink drawings on tracing paper, 2 blueprints with pencil markings on paper, 2 pencil drawings on paper, 1 blueprint with crayon markings on paper.</subfield>
  </datafield>
  <datafield tag="561" ind1=" " ind2=" ">
    <subfield code="a">Gift of Jean Murray Bangs (Mrs. Harwell Hamilton Harris), 1960; formerly the collection of Charles Sumner Greene.</subfield>
  </datafield>
  <datafield tag="650" ind1=" " ind2="7">
    <subfield code="a">Houses.</subfield>
    <subfield code="2">aat</subfield>
  </datafield>
  <datafield tag="650" ind1=" " ind2="7">
    <subfield code="a">Gates.</subfield>
    <subfield code="2">aat</subfield>
  </datafield>
  <datafield tag="655" ind1=" " ind2="7">
    <subfield code="a">Detail drawings.</subfield>
    <subfield code="2">aat</subfield>
  </datafield>
  <datafield tag="655" ind1=" " ind2="7">
    <subfield code="a">Sketches.</subfield>
    <subfield code="2">aat</subfield>
  </datafield>
  <datafield tag="655" ind1=" " ind2="7">
    <subfield code="a">Reflected ceiling plans.</subfield>
    <subfield code="2">aat</subfield>
  </datafield>
  <datafield tag="655" ind1=" " ind2="7">
    <subfield code="a">Architectural drawings</subfield>
    <subfield code="x">American.</subfield>
    <subfield code="2">aat</subfield>
  </datafield>
  <datafield tag="655" ind1=" " ind2="7">
    <subfield code="a">Perspective drawings.</subfield>
    <subfield code="2">aatt</subfield>
  </datafield>
  <datafield tag="655" ind1=" " ind2="7">
    <subfield code="a">Orthographic drawings.</subfield>
    <subfield code="2">aat</subfield>
  </datafield>
  <datafield tag="691" ind1=" " ind2="0">
    <subfield code="a">Pasadena (Calif.)</subfield>
  </datafield>
  <datafield tag="650" ind1=" " ind2="0">
    <subfield code="a">Architecture</subfield>
    <subfield code="z">United States</subfield>
    <subfield code="v">Designs and plans.</subfield>
  </datafield>
  <datafield tag="697" ind1="2" ind2="4">
    <subfield code="a">William E. Hamlin house, design no. 2 (Pasadena, Calif.)</subfield>
  </datafield>
  <datafield tag="700" ind1="1" ind2=" ">
    <subfield code="a">Greene, Charles Sumner,</subfield>
    <subfield code="d">1868-1957.</subfield>
  </datafield>
  <datafield tag="700" ind1="1" ind2=" ">
    <subfield code="a">Greene, Henry Mather,</subfield>
    <subfield code="d">1870-1954.</subfield>
  </datafield>
  <datafield tag="700" ind1="1" ind2=" ">
    <subfield code="a">Hamlin, William E.</subfield>
  </datafield>
  <datafield tag="755" ind1=" " ind2=" ">
    <subfield code="a">Pencil drawings.</subfield>
    <subfield code="2">aat</subfield>
  </datafield>
  <datafield tag="755" ind1=" " ind2=" ">
    <subfield code="a">Blueprints.</subfield>
    <subfield code="2">aat</subfield>
  </datafield>
  <datafield tag="755" ind1=" " ind2=" ">
    <subfield code="a">Ink drawings.</subfield>
    <subfield code="2">aat</subfield>
  </datafield>
  <datafield tag="755" ind1=" " ind2=" ">
    <subfield code="a">Crayon drawings.</subfield>
    <subfield code="2">aat</subfield>
  </datafield>
  <datafield tag="799" ind1="4" ind2="3">
    <subfield code="a">The Greene &amp; Greene collection of architectural drawings.</subfield>
  </datafield>
  <datafield tag="789" ind1="0" ind2=" ">
    <subfield code="1">[1]</subfield>
    <subfield code="i">NYDA.1960.001.01626.</subfield>
    <subfield code="v">[AVERYimage].</subfield>
    <subfield code="t">Basement plan, detail of bench in passage [in elevation and] section :</subfield>
    <subfield code="n">Sheet no. 1.</subfield>
  </datafield>
  <datafield tag="789" ind1="0" ind2=" ">
    <subfield code="1">[2]</subfield>
    <subfield code="i">NYDA.1960.001.01627.</subfield>
    <subfield code="v">[AVERYimage].</subfield>
    <subfield code="t">Basement plan, detail of bench in passage [in elevation and] section :</subfield>
    <subfield code="n">Sheet no. 1.</subfield>
  </datafield>
  <datafield tag="789" ind1="0" ind2=" ">
    <subfield code="1">[3]</subfield>
    <subfield code="i">NYDA.1960.001.01628.</subfield>
    <subfield code="v">[AVERYimage].</subfield>
    <subfield code="t">First floor plan , detail of floor border in dining room, detail of border for floors in liv[ing] r'm and library :</subfield>
    <subfield code="n">Sheet no. 2.</subfield>
    <subfield code="o">"Note - partition marked "X" to be built after stairway is in position".</subfield>
    <subfield code="o">"Note - all doors unless otherwise marked to be 6'-8" high".</subfield>
  </datafield>
  <datafield tag="789" ind1="0" ind2=" ">
    <subfield code="1">[4]</subfield>
    <subfield code="i">NYDA.1960.001.01629.</subfield>
    <subfield code="v">[AVERYimage].</subfield>
    <subfield code="t">First floor plan, detail of floor border in dining room, detail of border for floors in liv[ing] r'm and library :</subfield>
    <subfield code="n">Sheet no. 2.</subfield>
  </datafield>
  <datafield tag="789" ind1="0" ind2=" ">
    <subfield code="1">[5]</subfield>
    <subfield code="i">NYDA.1960.001.01630.</subfield>
    <subfield code="v">[AVERYimage].</subfield>
    <subfield code="t">Second floor plan, detail of border for hall floors, detail of border for bedroom floors :</subfield>
    <subfield code="n">Sheet no. 3.</subfield>
    <subfield code="o">"Note -- all doors unless otherwise marked to be 6'-6" high. Closet ceilings furred down to top of head casing".</subfield>
  </datafield>
  <datafield tag="789" ind1="0" ind2=" ">
    <subfield code="1">[6]</subfield>
    <subfield code="i">NYDA.1960.001.01631.</subfield>
    <subfield code="v">[AVERYimage].</subfield>
    <subfield code="t">Second floor plan, detail of border for hall floors, detail of border for bedroom floors :</subfield>
    <subfield code="n">Sheet no. 3.</subfield>
  </datafield>
  <datafield tag="789" ind1="0" ind2=" ">
    <subfield code="1">[7]</subfield>
    <subfield code="i">NYDA.1960.001.01632.</subfield>
    <subfield code="v">[AVERYimage].</subfield>
    <subfield code="t">Roof plan, [detail drawings of] soffit of cornice :</subfield>
    <subfield code="n">Sheet no. 4.</subfield>
    <subfield code="o">"Note -- 2" x 5" lookouts spiked to feet of rafters where attic floor joists run in opposite direction to rafters and can not be used as shown on 3/4" scale detail".</subfield>
  </datafield>
  <datafield tag="789" ind1="0" ind2=" ">
    <subfield code="1">[8]</subfield>
    <subfield code="i">NYDA.1960.001.01633.</subfield>
    <subfield code="v">[AVERYimage].</subfield>
    <subfield code="t">Roof plan, [detail drawings of] soffit of cornice :</subfield>
    <subfield code="n">Sheet no. 4.</subfield>
  </datafield>
  <datafield tag="789" ind1="0" ind2=" ">
    <subfield code="1">[9]</subfield>
    <subfield code="i">NYDA.1960.001.01634.</subfield>
    <subfield code="v">[AVERYimage].</subfield>
    <subfield code="t">East elevation :</subfield>
    <subfield code="n">Sheet no. 5.</subfield>
  </datafield>
  <datafield tag="789" ind1="0" ind2=" ">
    <subfield code="1">[10]</subfield>
    <subfield code="i">NYDA.1960.001.01635.</subfield>
    <subfield code="v">[AVERYimage].</subfield>
    <subfield code="t">East elevation :</subfield>
    <subfield code="n">Sheet no. 5.</subfield>
  </datafield>
  <datafield tag="789" ind1="0" ind2=" ">
    <subfield code="1">[11]</subfield>
    <subfield code="i">NYDA.1960.001.01636.</subfield>
    <subfield code="v">[AVERYimage].</subfield>
    <subfield code="t">South elevation :</subfield>
    <subfield code="n">Sheet no. 6.</subfield>
  </datafield>
  <datafield tag="789" ind1="0" ind2=" ">
    <subfield code="1">[12]</subfield>
    <subfield code="i">NYDA.1960.001.01637.</subfield>
    <subfield code="v">[AVERYimage].</subfield>
    <subfield code="t">South elevation :</subfield>
    <subfield code="n">Sheet no. 6.</subfield>
  </datafield>
  <datafield tag="789" ind1="0" ind2=" ">
    <subfield code="1">[13]</subfield>
    <subfield code="i">NYDA.1960.001.01638.</subfield>
    <subfield code="v">[AVERYimage].</subfield>
    <subfield code="t">West elevation :</subfield>
    <subfield code="n">Sheet no. 7.</subfield>
  </datafield>
  <datafield tag="789" ind1="0" ind2=" ">
    <subfield code="1">[14]</subfield>
    <subfield code="i">NYDA.1960.001.01639.</subfield>
    <subfield code="v">[AVERYimage].</subfield>
    <subfield code="t">West elevation :</subfield>
    <subfield code="n">Sheet no. 7.</subfield>
  </datafield>
  <datafield tag="789" ind1="0" ind2=" ">
    <subfield code="1">[15]</subfield>
    <subfield code="i">NYDA.1960.001.01640.</subfield>
    <subfield code="v">[AVERYimage].</subfield>
    <subfield code="t">North elevation, [detail drawing of] air inlet to cold closet :</subfield>
    <subfield code="n">Sheet no. 8.</subfield>
  </datafield>
  <datafield tag="789" ind1="0" ind2=" ">
    <subfield code="1">[16]</subfield>
    <subfield code="i">NYDA.1960.001.01641R.</subfield>
    <subfield code="v">[AVERYimage].</subfield>
    <subfield code="t">North elevation, [detail drawing of] air inlet to cold closet :</subfield>
    <subfield code="n">Sheet no. 8.</subfield>
  </datafield>
  <datafield tag="789" ind1="0" ind2=" ">
    <subfield code="1">[17]</subfield>
    <subfield code="i">NYDA.1960.001.01641V.</subfield>
    <subfield code="v">[AVERYimage].</subfield>
    <subfield code="t">[Unidentified rough sketch]</subfield>
  </datafield>
  <datafield tag="789" ind1="0" ind2=" ">
    <subfield code="1">[18]</subfield>
    <subfield code="i">NYDA.1960.001.01642.</subfield>
    <subfield code="v">[AVERYimage].</subfield>
    <subfield code="t">Section on line "A-A" [through entire house] ; detail of wro[ugh]t iron balconies -- half plan, half front view ; detail of skylight ; detail of chimney top ; [elevation of] south side of stairway :</subfield>
    <subfield code="n">Sheet no. 9.</subfield>
  </datafield>
  <datafield tag="789" ind1="0" ind2=" ">
    <subfield code="1">[19]</subfield>
    <subfield code="i">NYDA.1960.001.01643.</subfield>
    <subfield code="v">[AVERYimage].</subfield>
    <subfield code="t">Section on line "A-A" [through entire house] ; detail of wro[ugh]t iron balconies -- half plan, half front view ; detail of skylight ; detail of chimney top ; [elevation of] south side of stairway :</subfield>
    <subfield code="n">Sheet no. 9.</subfield>
  </datafield>
  <datafield tag="789" ind1="0" ind2=" ">
    <subfield code="1">[20]</subfield>
    <subfield code="i">NYDA.1960.001.01644.</subfield>
    <subfield code="v">[AVERYimage].</subfield>
    <subfield code="t">Interior details [in elevations and sections] -- bedroom no. 2, bathroom no. 2, living room, library, lavatory, bedroom no. 3, sewing room, dining room, pantry, bedroom no. 4, bathroom no. 1, kitchen :</subfield>
    <subfield code="n">Sheet no. 10.</subfield>
  </datafield>
  <datafield tag="789" ind1="0" ind2=" ">
    <subfield code="1">[21]</subfield>
    <subfield code="i">NYDA.1960.001.01645.</subfield>
    <subfield code="v">[AVERYimage].</subfield>
    <subfield code="t">Interior details [in elevations and sections] -- bedroom no. 2, bathroom no. 2, living room, library, lavatory, bedroom no. 3, sewing room, dining room, pantry, bedroom no. 4, bathroom no. 1, kitchen :</subfield>
    <subfield code="n">Sheet no. 10.</subfield>
  </datafield>
  <datafield tag="789" ind1="0" ind2=" ">
    <subfield code="1">[22]</subfield>
    <subfield code="i">NYDA.1960.001.01646.</subfield>
    <subfield code="v">[AVERYimage].</subfield>
    <subfield code="t">Section thru south side of house [with detail drawings -- gutter], profile of corbel, head of door to basement, detail of vents, [and] section thru flower box :</subfield>
    <subfield code="n">Sheet no. 11.</subfield>
    <subfield code="o">"Note -- first &amp; second floor joists to have 1" x 2" stripping 12" O.C. on lower side".</subfield>
  </datafield>
  <datafield tag="789" ind1="0" ind2=" ">
    <subfield code="1">[23]</subfield>
    <subfield code="i">NYDA.1960.001.01647.</subfield>
    <subfield code="v">[AVERYimage].</subfield>
    <subfield code="t">Section thru south side of house [with detail drawings -- gutter], profile of corbel, head of door to basement, detail of vents, [and] section thru flower box :</subfield>
    <subfield code="n">Sheet no. 11.</subfield>
  </datafield>
  <datafield tag="789" ind1="0" ind2=" ">
    <subfield code="1">[24]</subfield>
    <subfield code="i">NYDA.1960.001.01648.</subfield>
    <subfield code="v">[AVERYimage].</subfield>
    <subfield code="t">Main stairs -- south [elevation], west [elevation], north [elevation], east [elevation], ceiling plan, f[ull] s[ize detail] at A-A [on north elevation] :</subfield>
    <subfield code="n">Sheet no. 12.</subfield>
  </datafield>
  <datafield tag="789" ind1="0" ind2=" ">
    <subfield code="1">[25]</subfield>
    <subfield code="i">NYDA.1960.001.01649.</subfield>
    <subfield code="v">[AVERYimage].</subfield>
    <subfield code="t">Main stairs -- south [elevation], west [elevation], north [elevation], east [elevation], ceiling plan, f[ull] s[ize detail] at A-A [on north elevation] :</subfield>
    <subfield code="n">Sheet no. 12.</subfield>
  </datafield>
  <datafield tag="789" ind1="0" ind2=" ">
    <subfield code="1">[26]</subfield>
    <subfield code="i">NYDA.1960.001.01650.</subfield>
    <subfield code="v">[AVERYimage].</subfield>
    <subfield code="t">Second floor hall [in elevations] -- south, west, north, east ; 3" scale details at A-A [and] B-B [on west elevation of second floor hall] ; first floor hall [in elevations] -- south, west, north, east ; F.S. detail of wood panel doors on first floor ; F.S.D. of plaster cornice in 1st Fl. hall and bedrooms ; F.S.D. of 2nd Fl. trim ; F.S.D. of base (for 1st Fl. hall and entire 2nd floor except bathrooms) ; F.S. detail[s] of glass panel doors, doors in kitchen, [and] second floor doors :</subfield>
    <subfield code="n">Sheet no. 13.</subfield>
  </datafield>
  <datafield tag="789" ind1="0" ind2=" ">
    <subfield code="1">[27]</subfield>
    <subfield code="i">NYDA.1960.001.01651.</subfield>
    <subfield code="v">[AVERYimage].</subfield>
    <subfield code="t">Second floor hall [in elevations] -- south, west, north, east ; 3" scale details at A-A [and] B-B [on west elevation of second floor hall] ; first floor hall [in elevations] -- south, west, north, east ; F.S. detail of wood panel doors on first floor ; F.S.D. of plaster cornice in 1st Fl. hall and bedrooms ; F.S.D. of 2nd Fl. trim ; F.S.D. of base (for 1st Fl. hall and entire 2nd floor except bathrooms) ; F.S. detail[s] of glass panel doors, doors in kitchen, [and] second floor doors :</subfield>
    <subfield code="n">Sheet no. 13.</subfield>
  </datafield>
  <datafield tag="789" ind1="0" ind2=" ">
    <subfield code="1">[28]</subfield>
    <subfield code="i">NYDA.1960.001.01652.</subfield>
    <subfield code="v">[AVERYimage].</subfield>
    <subfield code="t">Details of mantels [in elevations] -- living room, dining room, bedroom no. 2, bedroom no. 1, bedroom no. 3, bedroom no. 4 :</subfield>
    <subfield code="n">Sheet no. 14.</subfield>
  </datafield>
  <datafield tag="789" ind1="0" ind2=" ">
    <subfield code="1">[29]</subfield>
    <subfield code="i">NYDA.1960.001.01653.</subfield>
    <subfield code="v">[AVERYimage].</subfield>
    <subfield code="t">Details of mantels [in elevations] -- living room, dining room, bedroom no. 2, bedroom no. 1, bedroom no. 3, bedroom no. 4 :</subfield>
    <subfield code="n">Sheet no. 14.</subfield>
  </datafield>
  <datafield tag="789" ind1="0" ind2=" ">
    <subfield code="1">[30]</subfield>
    <subfield code="i">NYDA.1960.001.01654.</subfield>
    <subfield code="v">[AVERYimage].</subfield>
    <subfield code="t">F.S.D. of interior finish in living room and library ; F.S.D. of interior finish in dining room :</subfield>
    <subfield code="n">Sheet no. 15.</subfield>
  </datafield>
  <datafield tag="789" ind1="0" ind2=" ">
    <subfield code="1">[31]</subfield>
    <subfield code="i">NYDA.1960.001.01655.</subfield>
    <subfield code="v">[AVERYimage].</subfield>
    <subfield code="t">F.S.D. of interior finish in living room and library ; F.S.D. of interior finish in dining room :</subfield>
    <subfield code="n">Sheet no. 15.</subfield>
  </datafield>
  <datafield tag="789" ind1="0" ind2=" ">
    <subfield code="1">[32]</subfield>
    <subfield code="i">NYDA.1960.001.01656.</subfield>
    <subfield code="v">[AVERYimage].</subfield>
    <subfield code="t">Details [of] screened porch -- elevation [and] plan [of] south side ; elevation, section[s and] plan [of] east side.</subfield>
    <subfield code="o">Encapsulated in mylar.</subfield>
  </datafield>
  <datafield tag="789" ind1="0" ind2=" ">
    <subfield code="1">[33]</subfield>
    <subfield code="i">NYDA.1960.001.01657.</subfield>
    <subfield code="v">[AVERYimage].</subfield>
    <subfield code="t">F.S.D. of first floor casement sash -- head, sill, jamb, narrow mullion, wide mullion /</subfield>
    <subfield code="c">drawn by L.W.C.</subfield>
  </datafield>
  <datafield tag="789" ind1="0" ind2=" ">
    <subfield code="1">[34]</subfield>
    <subfield code="i">NYDA.1960.001.01658.</subfield>
    <subfield code="v">[AVERYimage].</subfield>
    <subfield code="t">F.S.D. of exterior door, and window frames, in basement /</subfield>
    <subfield code="c">drawn by L.W.C.</subfield>
  </datafield>
  <datafield tag="789" ind1="0" ind2=" ">
    <subfield code="1">[35]</subfield>
    <subfield code="i">NYDA.1960.001.01659.</subfield>
    <subfield code="v">[AVERYimage].</subfield>
    <subfield code="t">[Sections through fronts and sides of fireplaces showing flues, unidentified rough detail sketches].</subfield>
    <subfield code="o">Encapsulated in mylar.</subfield>
  </datafield>
  <datafield tag="789" ind1="0" ind2=" ">
    <subfield code="1">[36]</subfield>
    <subfield code="i">NYDA.1960.001.01660.</subfield>
    <subfield code="v">[AVERYimage].</subfield>
    <subfield code="t">[Sections and plans of fireplaces and flues]</subfield>
  </datafield>
  <datafield tag="789" ind1="0" ind2=" ">
    <subfield code="1">[38]</subfield>
    <subfield code="i">NYDA.1960.001.01661.</subfield>
    <subfield code="v">[AVERYimage].</subfield>
    <subfield code="t">[Unidentified sketch plan].</subfield>
  </datafield>
  <datafield tag="789" ind1="0" ind2=" ">
    <subfield code="1">[39]</subfield>
    <subfield code="i">NYDA.1960.001.01662.</subfield>
    <subfield code="v">[AVERYimage].</subfield>
    <subfield code="t">Trellis for west side of house -- [elevation], section A-A.</subfield>
  </datafield>
  <datafield tag="789" ind1="0" ind2=" ">
    <subfield code="1">[40]</subfield>
    <subfield code="i">NYDA.1960.001.01663.</subfield>
    <subfield code="v">[AVERYimage].</subfield>
    <subfield code="t">[Perspective drawing of outbuilding and gate, unidentified rough sketches].</subfield>
    <subfield code="o">Encapsulated in mylar.</subfield>
  </datafield>
  <datafield tag="789" ind1="0" ind2=" ">
    <subfield code="1">[41]</subfield>
    <subfield code="i">NYDA.1960.001.01664.</subfield>
    <subfield code="v">[AVERYimage].</subfield>
    <subfield code="t">Terrace drive entrance gates -- elevation[s], plan[s]</subfield>
  </datafield>
  <datafield tag="789" ind1="0" ind2=" ">
    <subfield code="1">[42]</subfield>
    <subfield code="i">NYDA.1960.001.01665.</subfield>
    <subfield code="v">[AVERYimage].</subfield>
    <subfield code="t">[Elevations of entrance gates]</subfield>
  </datafield>
  <datafield tag="789" ind1="0" ind2=" ">
    <subfield code="1">[43]</subfield>
    <subfield code="i">NYDA.1960.001.01666.</subfield>
    <subfield code="v">[AVERYimage].</subfield>
    <subfield code="t">[Elevations and plan of entrance gate]</subfield>
  </datafield>
  <datafield tag="900" ind1=" " ind2=" ">
    <subfield code="a">AUTH</subfield>
  </datafield>
</record>

</collection>